
@inproceedings{CITATION_NEEDED,
  title={PENDING},
  author={Kapur},
  year={2002}
}
% =======================
%  SentiSynth references
% =======================

@inproceedings{pang2002thumbs,
  author    = {Bo Pang and Lillian Lee and Shivakumar Vaithyanathan},
  title     = {Thumbs Up? Sentiment Classification using Machine Learning Techniques},
  booktitle = {Proceedings of the 2002 Conference on Empirical Methods in Natural Language Processing},
  year      = {2002},
  publisher = {Association for Computational Linguistics}
}

@inproceedings{kim2014cnn,
  author    = {Yoon Kim},
  title     = {Convolutional Neural Networks for Sentence Classification},
  booktitle = {Proceedings of the 2014 Conference on Empirical Methods in Natural Language Processing},

  year      = {2014},
  publisher = {Association for Computational Linguistics}
}

@inproceedings{socher2013sst,
  author    = {Richard Socher and Alex Perelygin and Jean Wu and Jason Chuang
               and Christopher D. Manning and Andrew Ng and Christopher Potts},
  title     = {Recursive Deep Models for Semantic Compositionality over a Sentiment Treebank},
  booktitle = {Proceedings of the 2013 Conference on Empirical Methods in Natural Language Processing},
  year      = {2013},
  publisher = {Association for Computational Linguistics}
}

@inproceedings{devlin2019bert,
  author    = {Jacob Devlin and Ming-Wei Chang and Kenton Lee and Kristina Toutanova},
  title     = {BERT: Pre-training of Deep Bidirectional Transformers for Language Understanding},
  booktitle = {Proceedings of the 2019 Conference of the North American Chapter
               of the Association for Computational Linguistics: Human Language Technologies},
  year      = {2019},
  publisher = {Association for Computational Linguistics}
}

@inproceedings{blitzer2007domain,
  author    = {John Blitzer and Mark Dredze and Fernando Pereira},
  title     = {Biographies, Bollywood, Boom-boxes and Blenders: Domain Adaptation for Sentiment Classification},
  booktitle = {Proceedings of the 45th Annual Meeting of the Association for Computational Linguistics},
  pages     = {440--447},
  address   = {Prague, Czech Republic},
  year      = {2007},
  publisher = {Association for Computational Linguistics}
}

@inproceedings{riloff2013sarcasm,
  author    = {Ellen Riloff and Ashequl Qadir and Prafulla Surve and Lalindra De~Silva
               and Nathan Gilbert and Ruihong Huang},
  title     = {Sarcasm as Contrast between a Positive Sentiment and Negative Situation},
  booktitle = {Proceedings of the 2013 Conference on Empirical Methods in Natural Language Processing},
  year      = {2013},
  publisher = {Association for Computational Linguistics}
}

@inproceedings{wei2019eda,
  author    = {Jason Wei and Kai Zou},
  title     = {EDA: Easy Data Augmentation Techniques for Boosting Performance on Text Classification Tasks},
  booktitle = {Proceedings of the 2019 Conference on Empirical Methods in Natural Language Processing
               and the 9th International Joint Conference on Natural Language Processing},
  year      = {2019},
  publisher = {Association for Computational Linguistics}
}

@inproceedings{sennrich2016backtrans,
  author    = {Rico Sennrich and Barry Haddow and Alexandra Birch},
  title     = {Improving Neural Machine Translation Models with Monolingual Data},
  booktitle = {Proceedings of the 54th Annual Meeting of the Association for Computational Linguistics},

  year      = {2016},
  publisher = {Association for Computational Linguistics}
}

@inproceedings{zhang2017textgan,
  author    = {Yizhe Zhang and Zhe Gan and Lawrence Carin},
  title     = {Generating Text via Adversarial Training},
  booktitle = {Proceedings of the {NIPS} Workshop on Adversarial Training},
  address   = {Barcelona, Spain},
  year      = {2016}
}

@techreport{radford2019language,
  author       = {Alec Radford and Jeffrey Wu and Rewon Child and David Luan
                  and Dario Amodei and Ilya Sutskever},
  title        = {Language Models are Unsupervised Multitask Learners},
  institution  = {OpenAI},
  year         = {2019},
  note         = {Technical report}
}

@article{hinton2015kd,
  author  = {Geoffrey~E. Hinton and Oriol Vinyals and Jeffrey Dean},
  title   = {Distilling the Knowledge in a Neural Network},
  journal = {arXiv preprint arXiv:1503.02531},
  year    = {2015}
}

@article{sanh2019distilbert,
  author  = {Victor Sanh and Lysandre Debut and Julien Chaumond and Thomas Wolf},
  title   = {DistilBERT, a Distilled Version of BERT: Smaller, Faster, Cheaper and Lighter},
  journal = {arXiv preprint arXiv:1910.01108},
  year    = {2019}
}

@inproceedings{xie2020noisystudent,
  author    = {Qizhe Xie and Minh-Thang Luong and Eduard Hovy and Quoc~V. Le},
  title     = {Self-Training with Noisy Student Improves ImageNet Classification},
  booktitle = {Proceedings of the IEEE/CVF Conference on Computer Vision and Pattern Recognition},
  year      = {2020},
  address   = {Seattle, USA}
}
